<?xml version="1.0" encoding="UTF-8"?><collection xmlns="http://www.loc.gov/MARC21/slim"><record><leader>00343nam--2200121-i-4500</leader><controlfield tag="001">000035544</controlfield><controlfield tag="002">20161230</controlfield><controlfield tag="005">20161230201040</controlfield><controlfield tag="008">060222s1000------------r-----000-0-eng-d</controlfield><datafield ind1=" " ind2=" " tag="100"><subfield code="a">Muchmore Robert B</subfield></datafield><datafield ind1=" " ind2=" " tag="245"><subfield code="a">Essentials of microwaves</subfield></datafield><datafield ind1=" " ind2=" " tag="260"><subfield code="a">New York-london, John Wiley Et Sons Chapman Et Hall, 1952, Vii + 236p. Cu Ilustr</subfield></datafield><datafield ind1=" " ind2=" " tag="852"><subfield code="a">10083</subfield></datafield></record></collection>